<record><leader>00000cas a2200000 a 4500</leader><controlfield tag="001">5983057</controlfield><controlfield tag="008">800214d19271930nyuwr ne      0   a0eng c</controlfield><datafield ind1=" " ind2=" " tag="010"><subfield code="a">sn2004060474</subfield></datafield><datafield ind1=" " ind2=" " tag="040"><subfield code="a">NJR</subfield><subfield code="b">eng</subfield><subfield code="c">NJR</subfield><subfield code="d">OCL</subfield><subfield code="d">NYS</subfield><subfield code="d">OCLCQ</subfield><subfield code="d">OCLCF</subfield><subfield code="d">OCLCO</subfield><subfield code="d">OCL</subfield><subfield code="d">OCLCO</subfield></datafield><datafield ind1="1" ind2=" " tag="029"><subfield code="a">AU@</subfield><subfield code="b">000026246867</subfield></datafield><datafield ind1=" " ind2=" " tag="042"><subfield code="a">pcc</subfield></datafield><datafield ind1=" " ind2=" " tag="043"><subfield code="a">n-us-ny</subfield></datafield><datafield ind1="0" ind2="4" tag="245"><subfield code="a">The Jewish tribune.</subfield><subfield code="b">The American Jewish weekly.</subfield></datafield><datafield ind1="3" ind2="0" tag="246"><subfield code="a">American Jewish weekly</subfield></datafield><datafield ind1=" " ind2=" " tag="260"><subfield code="a">New York M. Mosessohn</subfield></datafield><datafield ind1=" " ind2=" " tag="300"><subfield code="a">v. :</subfield><subfield code="b">ill. ;</subfield><subfield code="c">31-55 cm.</subfield></datafield><datafield ind1="0" ind2=" " tag="362"><subfield code="a">Vol. 91, no. 2 (July 8, 1927)-v. 97, no 28 (Dec. 26, 1930).</subfield></datafield><datafield ind1=" " ind2=" " tag="500"><subfield code="a">Subtitle varies.</subfield></datafield><datafield ind1=" " ind2=" " tag="580"><subfield code="a">Absorbed American jewish news Feb. 13, 1920, and Hebrew standard, Dec. 15, 1922, and assumed its volume numbering.</subfield></datafield><datafield ind1=" " ind2=" " tag="580"><subfield code="a">Absorbed the United Synagogue recorder, Dec. 20, 1920, printing its contents quarterly in a separate section until May 30, 1930.</subfield></datafield><datafield ind1=" " ind2="0" tag="650"><subfield code="a">Jewish newspapers</subfield><subfield code="z">New York (State)</subfield><subfield code="z">New York.</subfield></datafield><datafield ind1=" " ind2="0" tag="650"><subfield code="a">Jews</subfield><subfield code="z">United States</subfield><subfield code="v">Newspapers.</subfield></datafield><datafield ind1=" " ind2="0" tag="651"><subfield code="a">New York (N.Y.)</subfield><subfield code="v">Newspapers.</subfield></datafield><datafield ind1=" " ind2="0" tag="651"><subfield code="a">New York County (N.Y.)</subfield><subfield code="v">Newspapers.</subfield></datafield><datafield ind1=" " ind2="7" tag="650"><subfield code="a">Jewish newspapers.</subfield><subfield code="2">fast</subfield><subfield code="0">(OCoLC)fst00982872</subfield></datafield><datafield ind1=" " ind2="7" tag="650"><subfield code="a">Jews.</subfield><subfield code="2">fast</subfield><subfield code="0">(OCoLC)fst00983135</subfield></datafield><datafield ind1=" " ind2="7" tag="651"><subfield code="a">New York (State)</subfield><subfield code="z">New York.</subfield><subfield code="2">fast</subfield><subfield code="0">(OCoLC)fst01204333</subfield></datafield><datafield ind1=" " ind2="7" tag="651"><subfield code="a">New York (State)</subfield><subfield code="z">New York County.</subfield><subfield code="2">fast</subfield><subfield code="0">(OCoLC)fst01234953</subfield></datafield><datafield ind1=" " ind2="7" tag="651"><subfield code="a">United States.</subfield><subfield code="2">fast</subfield><subfield code="0">(OCoLC)fst01204155</subfield></datafield><datafield ind1=" " ind2="7" tag="655"><subfield code="a">Newspapers.</subfield><subfield code="2">fast</subfield><subfield code="0">(OCoLC)fst01423814</subfield></datafield><datafield ind1=" " ind2=" " tag="752"><subfield code="a">United States</subfield><subfield code="b">New York</subfield><subfield code="c">New York</subfield><subfield code="d">New York.</subfield></datafield><datafield ind1="0" ind2="5" tag="780"><subfield code="t">United Hebrew recorder.</subfield></datafield><datafield ind1="1" ind2="5" tag="780"><subfield code="t">American Jewish news</subfield><subfield code="w">(DLC)sn 89070091</subfield><subfield code="w">(OCoLC)7472894</subfield></datafield><datafield ind1="0" ind2="4" tag="785"><subfield code="t">Jewish tribune and Hebrew standard</subfield><subfield code="w">(DLC)sn2004060497</subfield><subfield code="w">(OCoLC)7234939</subfield></datafield></record>